@book{Sedgewick:2011,
  author = {Sedgewick, Robert and Wayne, Kevin},
  title = {Algorithms},
  year = {2011},
  isbn = {032157351X},
  edition = {4th},
  publisher = {Addison-Wesley Professional},
}

@book{Grama:2003,
  author = {Grama, Ananth and Karypis, George and Kumar, Vipin and Gupta, Anshul},
  title = {Introduction to Parallel Computing},
  year = {2003},
  isbn = {0201648652},
  edition = {2nd},
  publisher = {Pearson Addison-Wesley},
}

@book{Cormen:2009,
  author = {Cormen, Thomas H. and Leiserson, Charles E. and Rivest, Ronald L. and Stein, Clifford},
  title = {Introduction to Algorithms},
  year = {2009},
  isbn = {9780262033848},
  edition = {3rd},
  publisher = {The MIT Press},
}

@book{Roosta:1999,
 author = {Roosta, Seyed H.},
 title = {Parallel Processing and Parallel Algorithms: Theory and Computation},
 year = {1999},
 isbn = {0387987169},
 edition = {1st},
 publisher = {Springer-Verlag},
} 

@book{Skiena:2008,
 author = {Skiena, Steven S.},
 title = {The Algorithm Design Manual},
 year = {2008},
 isbn = {1848000693},
 edition = {2nd},
 publisher = {Springer Publishing Company, Incorporated},
} 

@misc{OpenMP:2018,
    author = {{OpenMP Architecture Review Board}},
    title = {{OpenMP} Application Program Interface Version 5.0},
    year = 2018,
    url = {https://www.openmp.org/wp-content/uploads/OpenMP-API-Specification-5.0.pdf}
}